@BOOK{Luncheonmeat,
  author = {R.E. Luncheonmeat and R.B. Beafeater and M.J. Rumpsteak},
  year = {1993},
  title = {Introduction to Meat Analysis},
  publisher = {Anti-Diet Publishing}
}
@ARTICLE{Hunger,
  author = {J. Hunger and K. Thirsty},
  year = {1980},
  title = {A new polynomial time method to cook dinner},
  journal = {Journal of Modern Cuisine},
  volume = {3},
  issue = {1},
  number = {6},
  pages = {1058--1072}
}
@article{tucker2002rigorous,
  title={A rigorous ODE solver and Smaleâ€™s 14th problem},
  author={Tucker, Warwick},
  journal={Foundations of Computational Mathematics},
  volume={2},
  number={1},
  pages={53--117},
  year={2002},
  publisher={Springer-Verlag}
}
